%% This BibTeX bibliography file was created using BibDesk.
%% http://bibdesk.sourceforge.net/


%% Created for junjianxu at 2014-07-14 16:40:54 +0900 


%% Saved with string encoding Unicode (UTF-8) 



@inproceedings{GuoSIGCSE2013,
 author = {Guo, Philip J.},
 title = {{Online Python Tutor}: Embeddable Web-based Program Visualization for {CS} Education},
 booktitle = {Proceeding of the 44th ACM Technical Symposium on Computer Science Education},
 series = {SIGCSE '13},
 year = {2013},
 isbn = {978-1-4503-1868-6},
 location = {Denver, Colorado, USA},
 pages = {579--584},
 numpages = {6},
 url = {http://doi.acm.org/10.1145/2445196.2445368},
 doi = {10.1145/2445196.2445368},
 acmid = {2445368},
 publisher = {ACM},
 address = {New York, NY, USA},
 keywords = {CS1, program visualization, python},
}

@INPROCEEDINGS{1173088, 
author={Barowski, L.A and Cross, J.H., II}, 
booktitle={Reverse Engineering, 2002. Proceedings. Ninth Working Conference on}, 
title={Extraction and use of class dependency information for Java}, 
year={2002}, 
month={}, 
pages={309-315}, 
keywords={Java;inheritance;object-oriented programming;specification languages;user interfaces;Java class files;class dependency information extraction;interactive UML class diagram;jGRASP integrated development environment;synthetic methods;user interface;virtual dependence;Computer science;Data mining;Displays;Java;Software engineering;Software systems;Terminology;Testing;Unified modeling language;User interfaces}, 
doi={10.1109/WCRE.2002.1173088}, 
ISSN={1095-1350},}

@INPROCEEDINGS{1158137, 
author={Cross, J.H., II and Hendrix, T.D. and Barowski, L.A}, 
booktitle={Frontiers in Education, 2002. FIE 2002. 32nd Annual}, 
title={Using the debugger as an integral part of teaching CS1}, 
year={2002}, 
month={Nov}, 
volume={2}, 
pages={F1G-1-F1G-6 vol.2}, 
keywords={Java;computer science education;object-oriented programming;program debugging;teaching;CS1 teaching;Java;beginning programmers;debugger;instructors;jGRASP;novice programming students;object inherited members;object initial construction;polymorphic calls;program understanding tool;students;Computer bugs;Computer science;Costs;Debugging;Education;Educational institutions;Java;Object oriented programming;Programming profession;Testing}, 
doi={10.1109/FIE.2002.1158137}, 
ISSN={0190-5848},}

@article{Hendrix:2004:EFP:1028174.971433,
	Acmid = {971433},
	Address = {New York, NY, USA},
	Author = {Hendrix, T. Dean and Cross,II, James H. and Barowski, Larry A.},
	Date-Added = {2014-07-14 07:36:30 +0000},
	Date-Modified = {2014-07-14 07:36:30 +0000},
	Doi = {10.1145/1028174.971433},
	Issn = {0097-8418},
	Issue_Date = {March 2004},
	Journal = {SIGCSE Bull.},
	Keywords = {algorithm animation, data structures, program visualization},
	Month = mar,
	Number = {1},
	Numpages = {5},
	Pages = {387--391},
	Publisher = {ACM},
	Title = {An Extensible Framework for Providing Dynamic Data Structure Visualizations in a Lightweight IDE},
	Url = {http://doi.acm.org/10.1145/1028174.971433},
	Volume = {36},
	Year = {2004},
	Bdsk-Url-1 = {http://doi.acm.org/10.1145/1028174.971433},
	Bdsk-Url-2 = {http://dx.doi.org/10.1145/1028174.971433}}

@misc{DDD,
	Date-Added = {2014-07-14 06:00:38 +0000},
	Date-Modified = {2014-07-14 06:10:46 +0000},
	Howpublished = {\url{http://www.gnu.org/software/ddd/manual/}},
	Title = {DDD - Data Display Debugger Documention}}

@book{Diehl:2007:SVV:1209814,
	Address = {Secaucus, NJ, USA},
	Author = {Diehl, Stephan},
	Date-Added = {2014-07-14 04:23:45 +0000},
	Date-Modified = {2014-07-14 04:23:45 +0000},
	Isbn = {3540465049},
	Publisher = {Springer-Verlag New York, Inc.},
	Title = {Software Visualization: Visualizing the Structure, Behaviour, and Evolution of Software},
	Year = {2007}}

@article{Pears:2007:SLT:1345375.1345441,
	Acmid = {1345441},
	Address = {New York, NY, USA},
	Author = {Pears, Arnold and Seidman, Stephen and Malmi, Lauri and Mannila, Linda and Adams, Elizabeth and Bennedsen, Jens and Devlin, Marie and Paterson, James},
	Date-Added = {2014-07-14 04:06:51 +0000},
	Date-Modified = {2014-07-14 04:06:51 +0000},
	Doi = {10.1145/1345375.1345441},
	Issn = {0097-8418},
	Issue_Date = {December 2007},
	Journal = {SIGCSE Bull.},
	Keywords = {bibliography, computing education research, introductory programming, literature survey, teaching},
	Month = dec,
	Number = {4},
	Numpages = {20},
	Pages = {204--223},
	Publisher = {ACM},
	Title = {A Survey of Literature on the Teaching of Introductory Programming},
	Url = {http://doi.acm.org/10.1145/1345375.1345441},
	Volume = {39},
	Year = {2007},
	Bdsk-Url-1 = {http://doi.acm.org/10.1145/1345375.1345441},
	Bdsk-Url-2 = {http://dx.doi.org/10.1145/1345375.1345441}}

@misc{devtools,
	Howpublished = {\url{https://developer.chrome.com/devtools/index}},
	Title = {Chrome Developer Tools Homepage}}

@misc{gdb,
	Howpublished = {\url{https://developer.chrome.com/devtools/index}},
	Title = {GDB Documentation}}

@misc{pegjs,
	Howpublished = {\url{http://pegjs.majda.cz/documentation}},
	Title = {PEG.js Documentation}}

@misc{V8,
	Howpublished = {\url{https://code.google.com/p/v8/wiki/DebuggerProtocol}},
	Title = {V8 Debugger Protocol}}

@article{Ford:2004:PEG:982962.964011,
	Acmid = {964011},
	Address = {New York, NY, USA},
	Author = {Ford, Bryan},
	Date-Added = {2014-07-08 11:34:36 +0000},
	Date-Modified = {2014-07-08 11:34:36 +0000},
	Doi = {10.1145/982962.964011},
	Issn = {0362-1340},
	Issue_Date = {January 2004},
	Journal = {SIGPLAN Not.},
	Keywords = {BNF, GTDPL, TDPL, context-free grammars, lexical analysis, packrat parsing, parsing expression grammars, regular expressions, scannerless parsing, syntactic predicates, unified grammars},
	Month = jan,
	Number = {1},
	Numpages = {12},
	Pages = {111--122},
	Publisher = {ACM},
	Title = {Parsing Expression Grammars: A Recognition-based Syntactic Foundation},
	Url = {http://doi.acm.org/10.1145/982962.964011},
	Volume = {39},
	Year = {2004},
	Bdsk-Url-1 = {http://doi.acm.org/10.1145/982962.964011},
	Bdsk-Url-2 = {http://dx.doi.org/10.1145/982962.964011}}

@article{Price1993211,
	Author = {Blaine A. Price and Ronald M. Baecker and Ian S. Small},
	Date-Added = {2014-07-02 12:57:58 +0000},
	Date-Modified = {2014-07-02 12:57:58 +0000},
	Doi = {http://dx.doi.org/10.1006/jvlc.1993.1015},
	Issn = {1045-926X},
	Journal = {Journal of Visual Languages \& Computing},
	Number = {3},
	Pages = {211 - 266},
	Title = {A Principled Taxonomy of Software Visualization},
	Url = {http://www.sciencedirect.com/science/article/pii/S1045926X83710153},
	Volume = {4},
	Year = {1993},
	Bdsk-Url-1 = {http://www.sciencedirect.com/science/article/pii/S1045926X83710153},
	Bdsk-Url-2 = {http://dx.doi.org/10.1006/jvlc.1993.1015}}

@book{Wirth:1978:ADS:540029,
	Address = {Upper Saddle River, NJ, USA},
	Author = {Wirth, Niklaus},
	Date-Added = {2014-06-24 08:25:58 +0000},
	Date-Modified = {2014-06-24 08:25:58 +0000},
	Isbn = {0130224189},
	Publisher = {Prentice Hall PTR},
	Title = {Algorithms + Data Structures = Programs},
	Year = {1978}}

@book{Flanagan:1998:JDG:551216,
	Address = {Sebastopol, CA, USA},
	Author = {Flanagan, David},
	Date-Added = {2014-06-23 07:27:18 +0000},
	Date-Modified = {2014-06-23 07:27:18 +0000},
	Edition = {3rd},
	Editor = {Ferguson, Paula},
	Isbn = {1565923928},
	Publisher = {O'Reilly \&amp; Associates, Inc.},
	Title = {JavaScript: The Definitive Guide},
	Year = {1998}}

@inproceedings{Cross:2007:DOV:1227310.1227316,
	Acmid = {1227316},
	Address = {New York, NY, USA},
	Author = {Cross,II, James H. and Hendrix, T. Dean and Jain, Jhilmil and Barowski, Larry A.},
	Booktitle = {Proceedings of the 38th SIGCSE Technical Symposium on Computer Science Education},
	Date-Added = {2014-06-18 09:07:09 +0000},
	Date-Modified = {2014-06-18 09:07:09 +0000},
	Doi = {10.1145/1227310.1227316},
	Isbn = {1-59593-361-1},
	Keywords = {algorithm animation, data structures, program visualization},
	Location = {Covington, Kentucky, USA},
	Numpages = {5},
	Pages = {4--8},
	Publisher = {ACM},
	Series = {SIGCSE '07},
	Title = {Dynamic Object Viewers for Data Structures},
	Url = {http://doi.acm.org/10.1145/1227310.1227316},
	Year = {2007},
	Bdsk-Url-1 = {http://doi.acm.org/10.1145/1227310.1227316},
	Bdsk-Url-2 = {http://dx.doi.org/10.1145/1227310.1227316}}

@inproceedings{Aftandilian:2010:HIH:1879211.1879222,
	Acmid = {1879222},
	Address = {New York, NY, USA},
	Author = {Aftandilian, Edward E. and Kelley, Sean and Gramazio, Connor and Ricci, Nathan and Su, Sara L. and Guyer, Samuel Z.},
	Booktitle = {Proceedings of the 5th International Symposium on Software Visualization},
	Date-Added = {2014-06-18 07:21:40 +0000},
	Date-Modified = {2014-06-18 07:21:40 +0000},
	Doi = {10.1145/1879211.1879222},
	Isbn = {978-1-4503-0028-5},
	Keywords = {debugging, graphs, interactive visualization, program understanding, software visualization},
	Location = {Salt Lake City, Utah, USA},
	Numpages = {10},
	Pages = {53--62},
	Publisher = {ACM},
	Series = {SOFTVIS '10},
	Title = {Heapviz: Interactive Heap Visualization for Program Understanding and Debugging},
	Url = {http://doi.acm.org/10.1145/1879211.1879222},
	Year = {2010},
	Bdsk-Url-1 = {http://doi.acm.org/10.1145/1879211.1879222},
	Bdsk-Url-2 = {http://dx.doi.org/10.1145/1879211.1879222}}

@inproceedings{729554,
	Abstract = {Algorithm animation systems and graphical debuggers perform the task of translating program state into visual representations. While algorithm animations typically rely on user augmented source code to produce visualizations, debuggers make use of symbolic information in the target program. As a result, visualizations produced by debuggers often lack important semantic content, making them inferior to algorithm animation systems. The paper presents a method to provide higher level, more informative visualizations in a debugger using a technique called traversal based visualization. The debugger traverses a data structure using a set of user supplied patterns to identify parts of the data structure to be drawn a similar way. A declarative language is used to specify the patterns and the actions to take when the patterns are encountered. Alternatively, the user can construct traversal specifications through a graphical user interface to the declarative language. Furthermore, the debugger supports modification of data. Changes made to the on-screen representation are reflected in the underlying data},
	Author = {Korn, J.L. and Appel, A.W.},
	Booktitle = {Information Visualization, 1998. Proceedings. IEEE Symposium on},
	Date-Added = {2014-06-11 06:41:18 +0000},
	Date-Modified = {2014-06-11 06:41:18 +0000},
	Doi = {10.1109/INFVIS.1998.729554},
	Keywords = {computer animation;data structures;formal specification;graphical user interfaces;high level languages;program debugging;program visualisation;algorithm animation systems;algorithm animations;data structure visualization;declarative language;graphical debuggers;graphical user interface;informative visualizations;on-screen representation;program state;semantic content;symbolic information;traversal based visualization;traversal specifications;user augmented source code;user supplied patterns;visual representations;Animation;Chromium;Computer science;Data structures;Data visualization;Debugging;Displays;Graphical user interfaces;Image generation;Software algorithms},
	Month = {{Oct}},
	Pages = {11-18},
	Title = {Traversal-based visualization of data structures},
	Year = {1998},
	Bdsk-Url-1 = {http://ieeexplore.ieee.org/stamp/stamp.jsp?tp=&arnumber=729554}}

@article{Khoshafian:1986:OI:960112.28739,
	Acmid = {28739},
	Address = {New York, NY, USA},
	Author = {Khoshafian, Setrag N. and Copeland, George P.},
	Date-Added = {2014-06-11 06:23:49 +0000},
	Date-Modified = {2014-06-11 06:23:49 +0000},
	Doi = {10.1145/960112.28739},
	Issn = {0362-1340},
	Issue_Date = {Nov. 1986},
	Journal = {SIGPLAN Not.},
	Month = jun,
	Number = {11},
	Numpages = {11},
	Pages = {406--416},
	Publisher = {ACM},
	Title = {Object Identity},
	Url = {http://doi.acm.org/10.1145/960112.28739},
	Volume = {21},
	Year = {1986},
	Bdsk-Url-1 = {http://doi.acm.org/10.1145/960112.28739},
	Bdsk-Url-2 = {http://dx.doi.org/10.1145/960112.28739}}
